<?xml version="1.0" encoding="UTF-8"?><record xmlns="http://www.loc.gov/MARC21/slim" xmlns:cinclude="http://apache.org/cocoon/include/1.0" xmlns:zs="http://www.loc.gov/zing/srw/">
  <leader>00497nz  a2200145n  4500</leader>
  <controlfield tag="001">no 97029806 </controlfield>
  <controlfield tag="003">DLC</controlfield>
  <controlfield tag="005">19970515052147.6</controlfield>
  <controlfield tag="008">970514n| acannaab|          |a aaa     c</controlfield>
  <datafield tag="010" ind1=" " ind2=" ">
    <subfield code="a">no 97029806 </subfield>
  </datafield>
  <datafield tag="035" ind1=" " ind2=" ">
    <subfield code="a">(OCoLC)oca04340835 </subfield>
  </datafield>
  <datafield tag="040" ind1=" " ind2=" ">
    <subfield code="a">CoU</subfield>
    <subfield code="c">CoU</subfield>
  </datafield>
  <datafield tag="100" ind1="1" ind2="0">
    <subfield code="a">Bohlin, Edward H.</subfield>
    <subfield code="q">(Edward Helge),</subfield>
    <subfield code="d">1895-1980</subfield>
  </datafield>
  <datafield tag="400" ind1="1" ind2="0">
    <subfield code="a">Bohlin, Emil Helge,</subfield>
    <subfield code="d">1895-1980</subfield>
  </datafield>
  <datafield tag="670" ind1=" " ind2=" ">
    <subfield code="a">Saddlemaker to the stars, 1996:</subfield>
    <subfield code="b">t.p. (Edward H. Bohlin) p. 15 (Emil Helge Bohlin, b. 1895) p. 22 (later known as Ed) p. 9 (d. 1980)</subfield>
  </datafield>
</record>